@ARTICLE{Rines07,
   author = {{Rines}, K. and {Diaferio}, A. and {Natarajan}, P.},
    title = "{The Virial Mass Function of Nearby SDSS Galaxy Clusters}",
  journal = {\apj},
   eprint = {arXiv:astro-ph/0606545},
 keywords = {Cosmology: Observations, Galaxies: Clusters: General, Galaxies: Kinematics and Dynamics},
     year = 2007,
    month = mar,
   volume = 657,
    pages = {183-196},
      doi = {10.1086/510829},
   adsurl = {http://adsabs.harvard.edu/abs/2007ApJ...657..183R},
  adsnote = {Provided by the SAO/NASA Astrophysics Data System}
}

@ARTICLE{Hoekstra03,
   author = {{Hoekstra}, H.},
    title = "{How well can we determine cluster mass profiles from weak lensing?}",
  journal = {\mnras},
   eprint = {arXiv:astro-ph/0208351},
 keywords = {gravitational lensing, galaxies: clusters: general},
     year = 2003,
    month = mar,
   volume = 339,
    pages = {1155-1162},
      doi = {10.1046/j.1365-8711.2003.06264.x},
   adsurl = {http://adsabs.harvard.edu/abs/2003MNRAS.339.1155H},
  adsnote = {Provided by the SAO/NASA Astrophysics Data System}
}


@ARTICLE{dePutter05,
   author = {{de Putter}, R. and {White}, M.},
    title = "{Using weak lensing to find halo masses}",
  journal = {New A},
   eprint = {arXiv:astro-ph/0412497},
 keywords = {98.80.Es, 95.35.+d, 98.65.Dx},
     year = 2005,
    month = aug,
   volume = 10,
    pages = {676-687},
      doi = {10.1016/j.newast.2005.05.001},
   adsurl = {http://adsabs.harvard.edu/abs/2005NewA...10..676D},
  adsnote = {Provided by the SAO/NASA Astrophysics Data System}
}

@ARTICLE{Hoekstra07, 
   author = {{Hoekstra}, H.},
    title = "{A comparison of weak-lensing masses and X-ray properties of galaxy clusters}",
  journal = {\mnras},
archivePrefix = "arXiv",
   eprint = {0705.0358},
 keywords = {gravitational lensing, galaxies: clusters: general, cosmology: observations, dark matter},
     year = 2007,
    month = jul,
   volume = 379,
    pages = {317-330},
      doi = {10.1111/j.1365-2966.2007.11951.x},
   adsurl = {http://adsabs.harvard.edu/abs/2007MNRAS.379..317H},
  adsnote = {Provided by the SAO/NASA Astrophysics Data System}
}



@ARTICLE{Hennawi05,
   author = {{Hennawi}, J.~F. and {Spergel}, D.~N.},
    title = "{Shear-selected Cluster Cosmology: Tomography and Optimal Filtering}",
  journal = {\apj},
   eprint = {arXiv:astro-ph/0404349},
 keywords = {Cosmology: Theory, Galaxies: Clusters: General, Cosmology: Gravitational Lensing, Cosmology: Large-Scale Structure of Universe, Methods: Numerical},
     year = 2005,
    month = may,
   volume = 624,
    pages = {59-79},
      doi = {10.1086/428749},
   adsurl = {http://adsabs.harvard.edu/abs/2005ApJ...624...59H},
  adsnote = {Provided by the SAO/NASA Astrophysics Data System}
}




@ARTICLE{Walsh79,
   author = {{Walsh}, D. and {Carswell}, R.~F. and {Weymann}, R.~J.},
    title = "{0957 + 561 A, B - Twin quasistellar objects or gravitational lens}",
  journal = {\nat},
 keywords = {EMISSION SPECTRA, GRAVITATIONAL LENSES, QUASARS, STELLAR SPECTRA, ABSORPTION SPECTRA, RADIO SPECTROSCOPY, SPECTRUM ANALYSIS},
     year = 1979,
    month = may,
   volume = 279,
    pages = {381-384},
      doi = {10.1038/279381a0},
   adsurl = {http://adsabs.harvard.edu/abs/1979Natur.279..381W},
  adsnote = {Provided by the SAO/NASA Astrophysics Data System}
}

@ARTICLE{Clowe06,
   author = {{Clowe}, D. and {Brada{\v c}}, M. and {Gonzalez}, A.~H. and 
	{Markevitch}, M. and {Randall}, S.~W. and {Jones}, C. and {Zaritsky}, D.
	},
    title = "{A Direct Empirical Proof of the Existence of Dark Matter}",
  journal = {\apjl},
   eprint = {arXiv:astro-ph/0608407},
 keywords = {Cosmology: Dark Matter, galaxies: clusters: individual (1E 0657-558), Cosmology: Gravitational Lensing},
     year = 2006,
    month = sep,
   volume = 648,
    pages = {L109-L113},
      doi = {10.1086/508162},
   adsurl = {http://adsabs.harvard.edu/abs/2006ApJ...648L.109C},
  adsnote = {Provided by the SAO/NASA Astrophysics Data System}
}


 
@ARTICLE{Massey07,
   author = {{Massey}, R. and {Rhodes}, J. and {Leauthaud}, A. and {Capak}, P. and 
	{Ellis}, R. and {Koekemoer}, A. and {R{\'e}fr{\'e}gier}, A. and 
	{Scoville}, N. and {Taylor}, J.~E. and {Albert}, J. and {Berg{\'e}}, J. and 
	{Heymans}, C. and {Johnston}, D. and {Kneib}, {J.-P.} and {Mellier}, Y. and 
	{Mobasher}, B. and {Semboloni}, E. and {Shopbell}, P. and {Tasca}, L. and 
	{Van Waerbeke}, L.},
    title = "{COSMOS: Three-dimensional Weak Lensing and the Growth of Structure}",
  journal = {\apjs},
   eprint = {arXiv:astro-ph/0701480},
 keywords = {Cosmology: Observations, Cosmology: Gravitational Lensing, Cosmology: Large-Scale Structure of Universe},
     year = 2007,
    month = sep,
   volume = 172,
    pages = {239-253},
      doi = {10.1086/516599},
   adsurl = {http://adsabs.harvard.edu/abs/2007ApJS..172..239M},
  adsnote = {Provided by the SAO/NASA Astrophysics Data System}
}



@INPROCEEDINGS{Lynds86,
   author = {{Lynds}, R. and {Petrosian}, V.},
    title = "{Giant Luminous Arcs in Galaxy Clusters}",
booktitle = {Bulletin of the American Astronomical Society},
     year = 1986,
   series = {Bulletin of the American Astronomical Society},
   volume = 18,
    month = sep,
    pages = {1014-+},
   adsurl = {http://adsabs.harvard.edu/abs/1986BAAS...18R1014L},
  adsnote = {Provided by the SAO/NASA Astrophysics Data System}
}

@ARTICLE{Soucail88,
   author = {{Soucail}, G. and {Mellier}, Y. and {Fort}, B. and {Mathez}, G. and 
	{Cailloux}, M.},
    title = "{The giant arc in A 370 - Spectroscopic evidence for gravitational lensing from a source at Z = 0.724}",
  journal = {\aap},
 keywords = {ASTRONOMICAL SPECTROSCOPY, GALACTIC CLUSTERS, GRAVITATIONAL LENSES, ARCS, RED SHIFT, SPECTRUM ANALYSIS},
     year = 1988,
    month = feb,
   volume = 191,
    pages = {L19-L21},
   adsurl = {http://adsabs.harvard.edu/abs/1988A%26A...191L..19S},
  adsnote = {Provided by the SAO/NASA Astrophysics Data System}
}




@ARTICLE{Bacon00,
   author = {{Bacon}, D.~J. and {Refregier}, A.~R. and {Ellis}, R.~S.},
    title = "{Detection of weak gravitational lensing by large-scale structure}",
  journal = {\mnras},
   eprint = {arXiv:astro-ph/0003008},
 keywords = {COSMOLOGY: OBSERVATIONS, GRAVITATIONAL LENSING, LARGE-SCALE STRUCTURE OF UNIVERSE},
     year = 2000,
    month = oct,
   volume = 318,
    pages = {625-640},
      doi = {10.1046/j.1365-8711.2000.t01-1-03851.x},
   adsurl = {http://adsabs.harvard.edu/abs/2000MNRAS.318..625B},
  adsnote = {Provided by the SAO/NASA Astrophysics Data System}
}

@ARTICLE{NFW97,
   author = {{Navarro}, J.~F. and {Frenk}, C.~S. and {White}, S.~D.~M.},
    title = "{A Universal Density Profile from Hierarchical Clustering}",
  journal = {\apj},
   eprint = {arXiv:astro-ph/9611107},
 keywords = {COSMOLOGY: THEORY, COSMOLOGY: DARK MATTER, GALAXIES: HALOS, METHODS: NUMERICAL},
     year = 1997,
    month = dec,
   volume = 490,
    pages = {493-+},
      doi = {10.1086/304888},
   adsurl = {http://adsabs.harvard.edu/abs/1997ApJ...490..493N},
  adsnote = {Provided by the SAO/NASA Astrophysics Data System}
}

@ARTICLE{Takada03,
   author = {{Takada}, M. and {Jain}, B.},
    title = "{Three-point correlations in weak lensing surveys: model predictions and applications}",
  journal = {\mnras},
   eprint = {arXiv:astro-ph/0304034},
 keywords = {gravitational lensing, cosmology: theory, large-scale structure of Universe},
     year = 2003,
    month = sep,
   volume = 344,
    pages = {857-886},
      doi = {10.1046/j.1365-8711.2003.06868.x},
   adsurl = {http://adsabs.harvard.edu/abs/2003MNRAS.344..857T},
  adsnote = {Provided by the SAO/NASA Astrophysics Data System}
}

@ARTICLE{Smith03,
   author = {{Smith}, R.~E. and {Peacock}, J.~A. and {Jenkins}, A. and {White}, S.~D.~M. and 
	{Frenk}, C.~S. and {Pearce}, F.~R. and {Thomas}, P.~A. and {Efstathiou}, G. and 
	{Couchman}, H.~M.~P.},
    title = "{Stable clustering, the halo model and non-linear cosmological power spectra}",
  journal = {\mnras},
   eprint = {arXiv:astro-ph/0207664},
 keywords = {methods: N-body simulations, cosmology: theory, large-scale structure of Universe},
     year = 2003,
    month = jun,
   volume = 341,
    pages = {1311-1332},
      doi = {10.1046/j.1365-8711.2003.06503.x},
   adsurl = {http://adsabs.harvard.edu/abs/2003MNRAS.341.1311S},
  adsnote = {Provided by the SAO/NASA Astrophysics Data System}
}




@ARTICLE{Bartelmann01,
   author = {{Bartelmann}, M. and {Schneider}, P.},
    title = "{Weak gravitational lensing}",
  journal = {\physrep},
   eprint = {arXiv:astro-ph/9912508},
     year = 2001,
    month = jan,
   volume = 340,
    pages = {291-472},
      doi = {10.1016/S0370-1573(00)00082-X},
   adsurl = {http://adsabs.harvard.edu/abs/2001PhR...340..291B},
  adsnote = {Provided by the SAO/NASA Astrophysics Data System}
}



@ARTICLE{Kaiser00,
   author = {{Kaiser}, N. and {Wilson}, G. and {Luppino}, G.~A.},
    title = "{Large-Scale Cosmic Shear Measurements}",
  journal = {ArXiv Astrophysics e-prints},
   eprint = {arXiv:astro-ph/0003338},
     year = 2000,
    month = mar,
   adsurl = {http://adsabs.harvard.edu/abs/2000astro.ph..3338K},
  adsnote = {Provided by the SAO/NASA Astrophysics Data System}
}

@ARTICLE{VanWaerbeke00,
   author = {{Van Waerbeke}, L. and {Mellier}, Y. and {Erben}, T. and {Cuillandre}, J.~C. and 
	{Bernardeau}, F. and {Maoli}, R. and {Bertin}, E. and {McCracken}, H.~J. and 
	{Le F{\`e}vre}, O. and {Fort}, B. and {Dantel-Fort}, M. and 
	{Jain}, B. and {Schneider}, P.},
    title = "{Detection of correlated galaxy ellipticities from CFHT data: first evidence for gravitational lensing by large-scale structures}",
  journal = {\aap},
   eprint = {arXiv:astro-ph/0002500},
 keywords = {COSMOLOGY: THEORY, COSMOLOGY: DARK MATTER, COSMOLOGY: GRAVITATIONAL LENSING, COSMOLOGY: LARGE-SCALE STRUCTURE OF UNIVERSE},
     year = 2000,
    month = jun,
   volume = 358,
    pages = {30-44},
   adsurl = {http://adsabs.harvard.edu/abs/2000A%26A...358...30V},
  adsnote = {Provided by the SAO/NASA Astrophysics Data System}
}

@ARTICLE{Wittman00,
   author = {{Wittman}, D.~M. and {Tyson}, J.~A. and {Kirkman}, D. and {Dell'Antonio}, I. and 
	{Bernstein}, G.},
    title = "{Detection of weak gravitational lensing distortions of distant galaxies by cosmic dark matter at large scales}",
  journal = {\nat},
   eprint = {arXiv:astro-ph/0003014},
     year = 2000,
    month = may,
   volume = 405,
    pages = {143-148},
   adsurl = {http://adsabs.harvard.edu/abs/2000Natur.405..143W},
  adsnote = {Provided by the SAO/NASA Astrophysics Data System}
}

@ARTICLE{Hoekstra08,
   author = {{Hoekstra}, H. and {Jain}, B.},
    title = "{Weak Gravitational Lensing and Its Cosmological Applications}",
  journal = {Annual Review of Nuclear and Particle Science},
archivePrefix = "arXiv",
   eprint = {0805.0139},
     year = 2008,
    month = nov,
   volume = 58,
    pages = {99-123},
      doi = {10.1146/annurev.nucl.58.110707.171151},
   adsurl = {http://adsabs.harvard.edu/abs/2008ARNPS..58...99H},
  adsnote = {Provided by the SAO/NASA Astrophysics Data System}
}



@ARTICLE{Simon09,
   author = {{Simon}, P. and {Taylor}, A.~N. and {Hartlap}, J.},
    title = "{Unfolding the matter distribution using three-dimensional weak gravitational lensing}",
  journal = {\mnras},
archivePrefix = "arXiv",
   eprint = {0907.0016},
 keywords = {gravitational lensing , dark matter , large-scale structure of Universe},
     year = 2009,
    month = oct,
   volume = 399,
    pages = {48-68},
      doi = {10.1111/j.1365-2966.2009.15246.x},
   adsurl = {http://adsabs.harvard.edu/abs/2009MNRAS.399...48S},
  adsnote = {Provided by the SAO/NASA Astrophysics Data System}
}

@ARTICLE{Tegmark97,
   author = {{Tegmark}, M.},
    title = "{How to Make Maps from Cosmic Microwave Background Data without Losing Information}",
  journal = {\apjl},
   eprint = {arXiv:astro-ph/9611130},
 keywords = {COSMOLOGY: COSMIC MICROWAVE BACKGROUND, METHODS: DATA ANALYSIS},
     year = 1997,
    month = may,
   volume = 480,
    pages = {L87+},
      doi = {10.1086/310631},
   adsurl = {http://adsabs.harvard.edu/abs/1997ApJ...480L..87T},
  adsnote = {Provided by the SAO/NASA Astrophysics Data System}
}



@article{Aitken34,
  author = {AC Aitken},
  journal = {Proc. R. Soc. Edinb},
  pages = {42--48},
  title = {{On least squares and linear combination of observations}},
  url = {http://scholar.google.com/scholar.bib?q=info:JP6Q2eRpT0QJ:scholar.google.com/&output=citation&hl=en&ct=citation&cd=0},
  volume = 55,
  year = 1934,
  keywords = {weighted_least_squares},
  biburl = {http://www.bibsonomy.org/bibtex/20996f0eced57ab03ce0799c43edcabf1/peter.ralph},
  abstract = {The seminal Generalised Least Squares contribution, together with the first matrix formulation of the Linear Regression Model appeared in Aitken's paper, "On Least Squares and Linear Combinations of Observations", Proceedings of the Royal Society of Edinburgh, 1935, vol. 55, pp. 42-48. In this paper we find the well-known extension of the Gauss-Markhov Theorem to the case where the regression error vector has a non-scalar covariance matrix - the Aitken estimator is "Best Linear Unbiased". }
}

@ARTICLE{Hu02,
   author = {{Hu}, W. and {Keeton}, C.~R.},
    title = "{Three-dimensional mapping of dark matter}",
  journal = {\prd},
   eprint = {arXiv:astro-ph/0205412},
 keywords = {Dark matter},
     year = 2002,
    month = sep,
   volume = 66,
   number = 6,
    pages = {063506-+},
      doi = {10.1103/PhysRevD.66.063506},
   adsurl = {http://adsabs.harvard.edu/abs/2002PhRvD..66f3506H},
  adsnote = {Provided by the SAO/NASA Astrophysics Data System}
}

@ARTICLE{Heavens03, 
   author = {{Heavens}, A.},
    title = "{3D weak lensing}",
  journal = {\mnras},
   eprint = {arXiv:astro-ph/0304151},
 keywords = {gravitational lensing, galaxies: formation, cosmology: observations, large-scale structure of Universe},
     year = 2003,
    month = aug,
   volume = 343,
    pages = {1327-1334},
      doi = {10.1046/j.1365-8711.2003.06780.x},
   adsurl = {http://adsabs.harvard.edu/abs/2003MNRAS.343.1327H},
  adsnote = {Provided by the SAO/NASA Astrophysics Data System}
}

@ARTICLE{Taylor01,
   author = {{Taylor}, A.~N.},
    title = "{Imaging the 3-D cosmological mass distribution with weak gravitational lensing}",
  journal = {ArXiv Astrophysics e-prints},
   eprint = {arXiv:astro-ph/0111605},
 keywords = {Astrophysics},
     year = 2001,
    month = nov,
   adsurl = {http://adsabs.harvard.edu/abs/2001astro.ph.11605T},
  adsnote = {Provided by the SAO/NASA Astrophysics Data System}
}

@ARTICLE{Bacon03,
   author = {{Bacon}, D.~J. and {Taylor}, A.~N.},
    title = "{Mapping the 3D dark matter potential with weak shear}",
  journal = {\mnras},
   eprint = {arXiv:astro-ph/0212266},
 keywords = {gravitation, gravitational lensing, cosmology: observations, dark matter, large-scale structure of Universe},
     year = 2003,
    month = oct,
   volume = 344,
    pages = {1307-1326},
      doi = {10.1046/j.1365-8711.2003.06922.x},
   adsurl = {http://adsabs.harvard.edu/abs/2003MNRAS.344.1307B},
  adsnote = {Provided by the SAO/NASA Astrophysics Data System}
}

@ARTICLE{Kaiser93,
   author = {{Kaiser}, N. and {Squires}, G.},
    title = "{Mapping the dark matter with weak gravitational lensing}",
  journal = {\apj},
 keywords = {COSMOLOGY, DARK MATTER, GALACTIC CLUSTERS, GRAVITATIONAL LENSES, ELLIPTICITY, GALACTIC MASS, MASS DISTRIBUTION},
     year = 1993,
    month = feb,
   volume = 404,
    pages = {441-450},
      doi = {10.1086/172297},
   adsurl = {http://adsabs.harvard.edu/abs/1993ApJ...404..441K},
  adsnote = {Provided by the SAO/NASA Astrophysics Data System}
}

@ARTICLE{Wittman01,
   author = {{Wittman}, D. and {Tyson}, J.~A. and {Margoniner}, V.~E. and 
	{Cohen}, J.~G. and {Dell'Antonio}, I.~P.},
    title = "{Discovery of a Galaxy Cluster via Weak Lensing}",
  journal = {\apjl},
   eprint = {arXiv:astro-ph/0104094},
 keywords = {Galaxies: Clusters: General, Cosmology: Gravitational Lensing},
     year = 2001,
    month = aug,
   volume = 557,
    pages = {L89-L92},
      doi = {10.1086/323173},
   adsurl = {http://adsabs.harvard.edu/abs/2001ApJ...557L..89W},
  adsnote = {Provided by the SAO/NASA Astrophysics Data System}
}


@ARTICLE{Kaiser_Squires93,
   author = {{Kaiser}, N. and {Squires}, G.},
    title = "{Mapping the dark matter with weak gravitational lensing}",
  journal = {\apj},
 keywords = {COSMOLOGY, DARK MATTER, GALACTIC CLUSTERS, GRAVITATIONAL LENSES, ELLIPTICITY, GALACTIC MASS, MASS DISTRIBUTION},
     year = 1993,
    month = feb,
   volume = 404,
    pages = {441-450},
      doi = {10.1086/172297},
   adsurl = {http://adsabs.harvard.edu/abs/1993ApJ...404..441K},
  adsnote = {Provided by the SAO/NASA Astrophysics Data System}
}

@ARTICLE{LSST09,
   author = {{LSST Science Collaborations} and {Abell}, P.~A. and {Allison}, J. and 
	{Anderson}, S.~F. and {Andrew}, J.~R. and {Angel}, J.~R.~P. and 
	{Armus}, L. and {Arnett}, D. and {Asztalos}, S.~J. and {Axelrod}, T.~S. and 
	{Bailey}, S. and {Ballantyne}, D.~R. and {Bankert}, J.~R. and 
	{Barkhouse}, W.~A. and {Barr}, J.~D. and {Barrientos}, L.~F. and 
	{Barth}, A.~J. and {Bartlett}, J.~G. and {Becker}, A.~C. and 
	{Becla}, J. and {Beers}, T.~C. and {Bernstein}, J.~P. and {Biswas}, R. and 
	{Blanton}, M.~R. and {Bloom}, J.~S. and {Bochanski}, J.~J. and 
	{Boeshaar}, P. and {Borne}, K.~D. and {Bradac}, M. and {Brandt}, W.~N. and 
	{Bridge}, C.~R. and {Brown}, M.~E. and {Brunner}, R.~J. and 
	{Bullock}, J.~S. and {Burgasser}, A.~J. and {Burge}, J.~H. and 
	{Burke}, D.~L. and {Cargile}, P.~A. and {Chandrasekharan}, S. and 
	{Chartas}, G. and {Chesley}, S.~R. and {Chu}, {Y.-H.} and {Cinabro}, D. and 
	{Claire}, M.~W. and {Claver}, C.~F. and {Clowe}, D. and {Connolly}, A.~J. and 
	{Cook}, K.~H. and {Cooke}, J. and {Cooray}, A. and {Covey}, K.~R. and 
	{Culliton}, C.~S. and {de Jong}, R. and {de Vries}, W.~H. and 
	{Debattista}, V.~P. and {Delgado}, F. and {Dell'Antonio}, I.~P. and 
	{Dhital}, S. and {Di Stefano}, R. and {Dickinson}, M. and {Dilday}, B. and 
	{Djorgovski}, S.~G. and {Dobler}, G. and {Donalek}, C. and {Dubois-Felsmann}, G. and 
	{Durech}, J. and {Eliasdottir}, A. and {Eracleous}, M. and {Eyer}, L. and 
	{Falco}, E.~E. and {Fan}, X. and {Fassnacht}, C.~D. and {Ferguson}, H.~C. and 
	{Fernandez}, Y.~R. and {Fields}, B.~D. and {Finkbeiner}, D. and 
	{Figueroa}, E.~E. and {Fox}, D.~B. and {Francke}, H. and {Frank}, J.~S. and 
	{Frieman}, J. and {Fromenteau}, S. and {Furqan}, M. and {Galaz}, G. and 
	{Gal-Yam}, A. and {Garnavich}, P. and {Gawiser}, E. and {Geary}, J. and 
	{Gee}, P. and {Gibson}, R.~R. and {Gilmore}, K. and {Grace}, E.~A. and 
	{Green}, R.~F. and {Gressler}, W.~J. and {Grillmair}, C.~J. and 
	{Habib}, S. and {Haggerty}, J.~S. and {Hamuy}, M. and {Harris}, A.~W. and 
	{Hawley}, S.~L. and {Heavens}, A.~F. and {Hebb}, L. and {Henry}, T.~J. and 
	{Hileman}, E. and {Hilton}, E.~J. and {Hoadley}, K. and {Holberg}, J.~B. and 
	{Holman}, M.~J. and {Howell}, S.~B. and {Infante}, L. and {Ivezic}, Z. and 
	{Jacoby}, S.~H. and {Jain}, B. and {R} and {Jedicke} and {Jee}, M.~J. and 
	{Garrett Jernigan}, J. and {Jha}, S.~W. and {Johnston}, K.~V. and 
	{Jones}, R.~L. and {Juric}, M. and {Kaasalainen}, M. and {Styliani} and 
	{Kafka} and {Kahn}, S.~M. and {Kaib}, N.~A. and {Kalirai}, J. and 
	{Kantor}, J. and {Kasliwal}, M.~M. and {Keeton}, C.~R. and {Kessler}, R. and 
	{Knezevic}, Z. and {Kowalski}, A. and {Krabbendam}, V.~L. and 
	{Krughoff}, K.~S. and {Kulkarni}, S. and {Kuhlman}, S. and {Lacy}, M. and 
	{Lepine}, S. and {Liang}, M. and {Lien}, A. and {Lira}, P. and 
	{Long}, K.~S. and {Lorenz}, S. and {Lotz}, J.~M. and {Lupton}, R.~H. and 
	{Lutz}, J. and {Macri}, L.~M. and {Mahabal}, A.~A. and {Mandelbaum}, R. and 
	{Marshall}, P. and {May}, M. and {McGehee}, P.~M. and {Meadows}, B.~T. and 
	{Meert}, A. and {Milani}, A. and {Miller}, C.~J. and {Miller}, M. and 
	{Mills}, D. and {Minniti}, D. and {Monet}, D. and {Mukadam}, A.~S. and 
	{Nakar}, E. and {Neill}, D.~R. and {Newman}, J.~A. and {Nikolaev}, S. and 
	{Nordby}, M. and {O'Connor}, P. and {Oguri}, M. and {Oliver}, J. and 
	{Olivier}, S.~S. and {Olsen}, J.~K. and {Olsen}, K. and {Olszewski}, E.~W. and 
	{Oluseyi}, H. and {Padilla}, N.~D. and {Parker}, A. and {Pepper}, J. and 
	{Peterson}, J.~R. and {Petry}, C. and {Pinto}, P.~A. and {Pizagno}, J.~L. and 
	{Popescu}, B. and {Prsa}, A. and {Radcka}, V. and {Raddick}, M.~J. and 
	{Rasmussen}, A. and {Rau}, A. and {Rho}, J. and {Rhoads}, J.~E. and 
	{Richards}, G.~T. and {Ridgway}, S.~T. and {Robertson}, B.~E. and 
	{Roskar}, R. and {Saha}, A. and {Sarajedini}, A. and {Scannapieco}, E. and 
	{Schalk}, T. and {Schindler}, R. and {Schmidt}, S. and {Schmidt}, S. and 
	{Schneider}, D.~P. and {Schumacher}, G. and {Scranton}, R. and 
	{Sebag}, J. and {Seppala}, L.~G. and {Shemmer}, O. and {Simon}, J.~D. and 
	{Sivertz}, M. and {Smith}, H.~A. and {Allyn Smith}, J. and {Smith}, N. and 
	{Spitz}, A.~H. and {Stanford}, A. and {Stassun}, K.~G. and {Strader}, J. and 
	{Strauss}, M.~A. and {Stubbs}, C.~W. and {Sweeney}, D.~W. and 
	{Szalay}, A. and {Szkody}, P. and {Takada}, M. and {Thorman}, P. and 
	{Trilling}, D.~E. and {Trimble}, V. and {Tyson}, A. and {Van Berg}, R. and 
	{Vanden Berk}, D. and {VanderPlas}, J. and {Verde}, L. and {Vrsnak}, B. and 
	{Walkowicz}, L.~M. and {Wandelt}, B.~D. and {Wang}, S. and {Wang}, Y. and 
	{Warner}, M. and {Wechsler}, R.~H. and {West}, A.~A. and {Wiecha}, O. and 
	{Williams}, B.~F. and {Willman}, B. and {Wittman}, D. and {Wolff}, S.~C. and 
	{Wood-Vasey}, W.~M. and {Wozniak}, P. and {Young}, P. and {Zentner}, A. and 
	{Zhan}, H.},
    title = "{LSST Science Book, Version 2.0}",
  journal = {ArXiv e-prints},
archivePrefix = "arXiv",
   eprint = {0912.0201},
 keywords = {Astrophysics - Instrumentation and Methods for Astrophysics, Astrophysics - Cosmology and Extragalactic Astrophysics, Astrophysics - Earth and Planetary Astrophysics, Astrophysics - Galaxy Astrophysics, Astrophysics - Solar and Stellar Astrophysics},
     year = 2009,
    month = dec,
   adsurl = {http://adsabs.harvard.edu/abs/2009arXiv0912.0201L},
  adsnote = {Provided by the SAO/NASA Astrophysics Data System}
}

