@ARTICLE{Vanderplas2012,
   author = {{VanderPlas}, J.~T. and {Connolly}, A.~J. and {Jain}, B. and 
	{Jarvis}, M.},
    title = "{Interpolating Masked Weak-lensing Signal with Karhunen-Lo{\`e}ve Analysis}",
  journal = {\apj},
archivePrefix = "arXiv",
   eprint = {1109.5175},
 primaryClass = "astro-ph.CO",
 keywords = {dark matter, gravitational lensing: weak, large-scale structure of universe },
     year = 2012,
    month = jan,
   volume = 744,
      eid = {180},
    pages = {180},
      doi = {10.1088/0004-637X/744/2/180},
   adsurl = {http://adsabs.harvard.edu/abs/2012ApJ...744..180V},
  adsnote = {Provided by the SAO/NASA Astrophysics Data System}
}

