@ARTICLE{Wechsler04,
   author = {{Wechsler}, R.~H.},
    title = "{Interpreting SDSS Cluster Masses and Abundances with Mock Catalogs}",
  journal = {Clusters of Galaxies: Probes of Cosmological Structure and Galaxy Evolution},
     year = 2004,
   adsurl = {http://adsabs.harvard.edu/abs/2004cgpc.sympE..53W},
  adsnote = {Provided by the SAO/NASA Astrophysics Data System}
}



@ARTICLE{Vogeley96,
   author = {{Vogeley}, M.~S. and {Szalay}, A.~S.},
    title = "{Eigenmode Analysis of Galaxy Redshift Surveys. I. Theory and Methods}",
  journal = {\apj},
   eprint = {arXiv:astro-ph/9601185},
 keywords = {COSMOLOGY: OBSERVATIONS, GALAXIES: DISTANCES AND REDSHIFTS, COSMOLOGY: LARGE-SCALE STRUCTURE OF UNIVERSE, METHODS: STATISTICAL},
     year = 1996,
    month = jul,
   volume = 465,
    pages = {34-+},
      doi = {10.1086/177399},
   adsurl = {http://adsabs.harvard.edu/abs/1996ApJ...465...34V},
  adsnote = {Provided by the SAO/NASA Astrophysics Data System}
}

@ARTICLE{Lin03,
   author = {{Lin}, {Y.-T.} and {Mohr}, J.~J. and {Stanford}, S.~A.},
    title = "{Near-Infrared Properties of Galaxy Clusters: Luminosity as a Binding Mass Predictor and the State of Cluster Baryons}",
  journal = {\apj},
   eprint = {arXiv:astro-ph/0304033},
 keywords = {Cosmology: Observations, Galaxies: Clusters: General, Galaxies: Luminosity Function, Mass Function, Infrared: Galaxies},
     year = 2003,
    month = jul,
   volume = 591,
    pages = {749-763},
      doi = {10.1086/375513},
   adsurl = {http://adsabs.harvard.edu/abs/2003ApJ...591..749L},
  adsnote = {Provided by the SAO/NASA Astrophysics Data System}
}

@ARTICLE{Giodini09,
   author = {{Giodini}, S. and {Pierini}, D. and {Finoguenov}, A. and {Pratt}, G.~W. and 
	{Boehringer}, H. and {Leauthaud}, A. and {Guzzo}, L. and {Aussel}, H. and 
	{Bolzonella}, M. and {Capak}, P. and {Elvis}, M. and {Hasinger}, G. and 
	{Ilbert}, O. and {Kartaltepe}, J.~S. and {Koekemoer}, A.~M. and 
	{Lilly}, S.~J. and {Massey}, R. and {McCracken}, H.~J. and {Rhodes}, J. and 
	{Salvato}, M. and {Sanders}, D.~B. and {Scoville}, N.~Z. and 
	{Sasaki}, S. and {Smolcic}, V. and {Taniguchi}, Y. and {Thompson}, D. and 
	{the COSMOS Collaboration}},
    title = "{Stellar and Total Baryon Mass Fractions in Groups and Clusters Since Redshift 1}",
  journal = {\apj},
archivePrefix = "arXiv",
   eprint = {0904.0448},
 primaryClass = "astro-ph.CO",
 keywords = {cosmological parameters, cosmology: observations, diffuse radiation, galaxies: clusters: general, galaxies: stellar content, X-rays: galaxies: clusters},
     year = 2009,
    month = sep,
   volume = 703,
    pages = {982-993},
      doi = {10.1088/0004-637X/703/1/982},
   adsurl = {http://adsabs.harvard.edu/abs/2009ApJ...703..982G},
  adsnote = {Provided by the SAO/NASA Astrophysics Data System}
}





@ARTICLE{Crittenden02,
   author = {{Crittenden}, R.~G. and {Natarajan}, P. and {Pen}, {U.-L.} and 
	{Theuns}, T.},
    title = "{Discriminating Weak Lensing from Intrinsic Spin Correlations Using the Curl-Gradient Decomposition}",
  journal = {\apj},
   eprint = {arXiv:astro-ph/0012336},
 keywords = {Cosmology: Cosmic Microwave Background, Cosmology: Theory, Cosmology: Gravitational Lensing},
     year = 2002,
    month = mar,
   volume = 568,
    pages = {20-27},
      doi = {10.1086/338838},
   adsurl = {http://adsabs.harvard.edu/abs/2002ApJ...568...20C},
  adsnote = {Provided by the SAO/NASA Astrophysics Data System}
}



@ARTICLE{Fan10,
   author = {{Fan}, Z. and {Shan}, H. and {Liu}, J.},
    title = "{Noisy Weak-lensing Convergence Peak Statistics Near Clusters of Galaxies and Beyond}",
  journal = {\apj},
archivePrefix = "arXiv",
   eprint = {1006.5121},
 primaryClass = "astro-ph.CO",
 keywords = {cosmology: theory, dark matter, galaxies: clusters: general, gravitational lensing: weak, large-scale structure of universe },
     year = 2010,
    month = aug,
   volume = 719,
    pages = {1408-1420},
      doi = {10.1088/0004-637X/719/2/1408},
   adsurl = {http://adsabs.harvard.edu/abs/2010ApJ...719.1408F},
  adsnote = {Provided by the SAO/NASA Astrophysics Data System}
}



@ARTICLE{Dietrich10,
   author = {{Dietrich}, J.~P. and {Hartlap}, J.},
    title = "{Cosmology with the shear-peak statistics}",
  journal = {\mnras},
archivePrefix = "arXiv",
   eprint = {0906.3512},
 primaryClass = "astro-ph.CO",
 keywords = {gravitational lensing, cosmological parameters, large-scale structure of Universe},
     year = 2010,
    month = feb,
   volume = 402,
    pages = {1049-1058},
      doi = {10.1111/j.1365-2966.2009.15948.x},
   adsurl = {http://adsabs.harvard.edu/abs/2010MNRAS.402.1049D},
  adsnote = {Provided by the SAO/NASA Astrophysics Data System}
}

@ARTICLE{Marian09,
   author = {{Marian}, L. and {Smith}, R.~E. and {Bernstein}, G.~M.},
    title = "{The Cosmology Dependence of Weak Lensing Cluster Counts}",
  journal = {\apjl},
archivePrefix = "arXiv",
   eprint = {0811.1991},
 keywords = {galaxies: clusters: general, large-scale structure of universe, methods: N-body simulations},
     year = 2009,
    month = jun,
   volume = 698,
    pages = {L33-L36},
      doi = {10.1088/0004-637X/698/1/L33},
   adsurl = {http://adsabs.harvard.edu/abs/2009ApJ...698L..33M},
  adsnote = {Provided by the SAO/NASA Astrophysics Data System}
}

@ARTICLE{Schirmer07,
   author = {{Schirmer}, M. and {Erben}, T. and {Hetterscheidt}, M. and {Schneider}, P.
	},
    title = "{GaBoDS: the Garching-Bonn Deep Survey. IX. A sample of 158 shear-selected mass concentration candidates}",
  journal = {\aap},
   eprint = {arXiv:astro-ph/0607022},
 keywords = {cosmology: dark matter, galaxies: clusters: general, gravitational lensing},
     year = 2007,
    month = feb,
   volume = 462,
    pages = {875-887},
      doi = {10.1051/0004-6361:20065955},
   adsurl = {http://adsabs.harvard.edu/abs/2007A%26A...462..875S},
  adsnote = {Provided by the SAO/NASA Astrophysics Data System}
}


@ARTICLE{Maturi11,
   author = {{Maturi}, M. and {Fedeli}, C. and {Moscardini}, L.},
    title = "{Imprints of primordial non-Gaussianity on the number counts of cosmic shear peaks}",
  journal = {ArXiv e-prints},
archivePrefix = "arXiv",
   eprint = {1101.4175},
 primaryClass = "astro-ph.CO",
 keywords = {Astrophysics - Cosmology and Extragalactic Astrophysics},
     year = 2011,
    month = jan,
   adsurl = {http://adsabs.harvard.edu/abs/2011arXiv1101.4175M},
  adsnote = {Provided by the SAO/NASA Astrophysics Data System}
}

@ARTICLE{Sheth99,
   author = {{Sheth}, R.~K. and {Tormen}, G.},
    title = "{Large-scale bias and the peak background split}",
  journal = {\mnras},
   eprint = {arXiv:astro-ph/9901122},
     year = 1999,
    month = sep,
   volume = 308,
    pages = {119-126},
      doi = {10.1046/j.1365-8711.1999.02692.x},
   adsurl = {http://adsabs.harvard.edu/abs/1999MNRAS.308..119S},
  adsnote = {Provided by the SAO/NASA Astrophysics Data System}
}



@ARTICLE{Marian10,
   author = {{Marian}, L. and {Smith}, R.~E. and {Bernstein}, G.~M.},
    title = "{The Impact of Correlated Projections on Weak Lensing Cluster Counts}",
  journal = {\apj},
archivePrefix = "arXiv",
   eprint = {0912.0261},
 primaryClass = "astro-ph.CO",
 keywords = {cosmological parameters, cosmology: theory, large-scale structure of universe},
     year = 2010,
    month = jan,
   volume = 709,
    pages = {286-300},
      doi = {10.1088/0004-637X/709/1/286},
   adsurl = {http://adsabs.harvard.edu/abs/2010ApJ...709..286M},
  adsnote = {Provided by the SAO/NASA Astrophysics Data System}
}

@ARTICLE{Connolly99,
   author = {{Connolly}, A.~J. and {Szalay}, A.~S.},
    title = "{A Robust Classification of Galaxy Spectra: Dealing with Noisy and Incomplete Data}",
  journal = {\aj},
   eprint = {arXiv:astro-ph/9901300},
 keywords = {GALAXIES: EVOLUTION, GALAXIES: STELLAR CONTENT, TECHNIQUES: SPECTROSCOPIC},
     year = 1999,
    month = may,
   volume = 117,
    pages = {2052-2062},
      doi = {10.1086/300839},
   adsurl = {http://adsabs.harvard.edu/abs/1999AJ....117.2052C},
  adsnote = {Provided by the SAO/NASA Astrophysics Data System}
}


@ARTICLE{Hamana04,
   author = {{Hamana}, T. and {Takada}, M. and {Yoshida}, N.},
    title = "{Searching for massive clusters in weak lensing surveys}",
  journal = {\mnras},
   eprint = {arXiv:astro-ph/0310607},
 keywords = {gravitational lensing, galaxies: haloes, cosmology: theory, dark matter, large-scale structure of Universe},
     year = 2004,
    month = may,
   volume = 350,
    pages = {893-913},
      doi = {10.1111/j.1365-2966.2004.07691.x},
   adsurl = {http://adsabs.harvard.edu/abs/2004MNRAS.350..893H},
  adsnote = {Provided by the SAO/NASA Astrophysics Data System}
}


@ARTICLE{Hennawi05,
   author = {{Hennawi}, J.~F. and {Spergel}, D.~N.},
    title = "{Shear-selected Cluster Cosmology: Tomography and Optimal Filtering}",
  journal = {\apj},
   eprint = {arXiv:astro-ph/0404349},
 keywords = {Cosmology: Theory, Galaxies: Clusters: General, Cosmology: Gravitational Lensing, Cosmology: Large-Scale Structure of Universe, Methods: Numerical},
     year = 2005,
    month = may,
   volume = 624,
    pages = {59-79},
      doi = {10.1086/428749},
   adsurl = {http://adsabs.harvard.edu/abs/2005ApJ...624...59H},
  adsnote = {Provided by the SAO/NASA Astrophysics Data System}
}

@ARTICLE{Vanderplas11,
   author = {{VanderPlas}, J.~T. and {Connolly}, A.~J. and {Jain}, B. and 
	{Jarvis}, M.},
    title = "{Three-dimensional Reconstruction of the Density Field: An SVD Approach to Weak-lensing Tomography}",
  journal = {\apj},
archivePrefix = "arXiv",
   eprint = {1008.2396},
 primaryClass = "astro-ph.CO",
 keywords = {dark matter, gravitational lensing: weak, large-scale structure of universe},
     year = 2011,
    month = feb,
   volume = 727,
    pages = {118-+},
      doi = {10.1088/0004-637X/727/2/118},
   adsurl = {http://adsabs.harvard.edu/abs/2011ApJ...727..118V},
  adsnote = {Provided by the SAO/NASA Astrophysics Data System}
}

@ARTICLE{Yip04A,
   author = {{Yip}, C.~W. and {Connolly}, A.~J. and {Szalay}, A.~S. and {Budav{\'a}ri}, T. and 
	{SubbaRao}, M. and {Frieman}, J.~A. and {Nichol}, R.~C. and 
	{Hopkins}, A.~M. and {York}, D.~G. and {Okamura}, S. and {Brinkmann}, J. and 
	{Csabai}, I. and {Thakar}, A.~R. and {Fukugita}, M. and {Ivezi{\'c}}, {\v Z}.
	},
    title = "{Distributions of Galaxy Spectral Types in the Sloan Digital Sky Survey}",
  journal = {\aj},
   eprint = {arXiv:astro-ph/0407061},
 keywords = {Galaxies: Fundamental Parameters, Galaxies: General, Methods: Data Analysis, Techniques: Spectroscopic},
     year = 2004,
    month = aug,
   volume = 128,
    pages = {585-609},
      doi = {10.1086/422429},
   adsurl = {http://adsabs.harvard.edu/abs/2004AJ....128..585Y},
  adsnote = {Provided by the SAO/NASA Astrophysics Data System}
}

@ARTICLE{Yip04B,
   author = {{Yip}, C.~W. and {Connolly}, A.~J. and {Vanden Berk}, D.~E. and 
	{Ma}, Z. and {Frieman}, J.~A. and {SubbaRao}, M. and {Szalay}, A.~S. and 
	{Richards}, G.~T. and {Hall}, P.~B. and {Schneider}, D.~P. and 
	{Hopkins}, A.~M. and {Trump}, J. and {Brinkmann}, J.},
    title = "{Spectral Classification of Quasars in the Sloan Digital Sky Survey: Eigenspectra, Redshift, and Luminosity Effects}",
  journal = {\aj},
   eprint = {arXiv:astro-ph/0408578},
 keywords = {Methods: Statistical, Galaxies: Quasars: General, Surveys, Techniques: Spectroscopic},
     year = 2004,
    month = dec,
   volume = 128,
    pages = {2603-2630},
      doi = {10.1086/425626},
   adsurl = {http://adsabs.harvard.edu/abs/2004AJ....128.2603Y},
  adsnote = {Provided by the SAO/NASA Astrophysics Data System}
}


@ARTICLE{Connolly95,
   author = {{Connolly}, A.~J. and {Szalay}, A.~S. and {Bershady}, M.~A. and 
	{Kinney}, A.~L. and {Calzetti}, D.},
    title = "{Spectral Classification of Galaxies: an Orthogonal Approach}",
  journal = {\aj},
   eprint = {arXiv:astro-ph/9411044},
 keywords = {GALAXIES: FUNDAMENTAL PARAMETERS},
     year = 1995,
    month = sep,
   volume = 110,
    pages = {1071-+},
      doi = {10.1086/117587},
   adsurl = {http://adsabs.harvard.edu/abs/1995AJ....110.1071C},
  adsnote = {Provided by the SAO/NASA Astrophysics Data System}
}

@ARTICLE{Matsubara00,
   author = {{Matsubara}, T. and {Szalay}, A.~S. and {Landy}, S.~D.},
    title = "{Cosmological Parameters from the Eigenmode Analysis of the Las Campanas Redshift Survey}",
  journal = {\apjl},
   eprint = {arXiv:astro-ph/9911151},
 keywords = {Cosmology: Theory, Galaxies: Distances and Redshifts, Cosmology: Large-Scale Structure of Universe, Methods: Statistical},
     year = 2000,
    month = may,
   volume = 535,
    pages = {L1-L4},
      doi = {10.1086/312701},
   adsurl = {http://adsabs.harvard.edu/abs/2000ApJ...535L...1M},
  adsnote = {Provided by the SAO/NASA Astrophysics Data System}
}

@ARTICLE{Kilbinger06,
   author = {{Kilbinger}, M. and {Munshi}, D.},
    title = "{Designing weak lensing surveys: a generalized eigenmode analysis}",
  journal = {\mnras},
   eprint = {arXiv:astro-ph/0509548},
 keywords = {gravitational lensing, methods: analytical, methods: numerical, methods: statistical, cosmology: theory, large-scale structure of Universe},
     year = 2006,
    month = mar,
   volume = 366,
    pages = {983-995},
      doi = {10.1111/j.1365-2966.2005.09857.x},
   adsurl = {http://adsabs.harvard.edu/abs/2006MNRAS.366..983K},
  adsnote = {Provided by the SAO/NASA Astrophysics Data System}
}

@ARTICLE{Munshi06,
   author = {{Munshi}, D. and {Kilbinger}, M.},
    title = "{Principal component analysis of weak lensing surveys}",
  journal = {\aap},
   eprint = {arXiv:astro-ph/0511705},
 keywords = {cosmology: cosmological parameters, gravitational lensing, cosmology: large-scale, structure of Universe, methods: analytical, methods: statistical, methods:, numerical},
     year = 2006,
    month = jun,
   volume = 452,
    pages = {63-73},
      doi = {10.1051/0004-6361:20054586},
   adsurl = {http://adsabs.harvard.edu/abs/2006A%26A...452...63M},
  adsnote = {Provided by the SAO/NASA Astrophysics Data System}
}

@ARTICLE{Tegmark97,
   author = {{Tegmark}, M.},
    title = "{How to Make Maps from Cosmic Microwave Background Data without Losing Information}",
  journal = {\apjl},
   eprint = {arXiv:astro-ph/9611130},
 keywords = {COSMOLOGY: COSMIC MICROWAVE BACKGROUND, METHODS: DATA ANALYSIS},
     year = 1997,
    month = may,
   volume = 480,
    pages = {L87+},
      doi = {10.1086/310631},
   adsurl = {http://adsabs.harvard.edu/abs/1997ApJ...480L..87T},
  adsnote = {Provided by the SAO/NASA Astrophysics Data System}
}

@ARTICLE{Hikage10,
   author = {{Hikage}, C. and {Takada}, M. and {Hamana}, T. and {Spergel}, D.
	},
    title = "{Shear Power Spectrum Reconstruction using Pseudo-Spectrum Method}",
  journal = {ArXiv e-prints},
archivePrefix = "arXiv",
   eprint = {1004.3542},
 primaryClass = "astro-ph.CO",
 keywords = {Astrophysics - Cosmology and Extragalactic Astrophysics, Physics - Data Analysis, Statistics and Probability},
     year = 2010,
    month = apr,
   adsurl = {http://adsabs.harvard.edu/abs/2010arXiv1004.3542H},
  adsnote = {Provided by the SAO/NASA Astrophysics Data System}
}

@ARTICLE{Schneider02,
   author = {{Schneider}, P. and {van Waerbeke}, L. and {Kilbinger}, M. and 
	{Mellier}, Y.},
    title = "{Analysis of two-point statistics of cosmic shear. I. Estimators and covariances}",
  journal = {\aap},
   eprint = {arXiv:astro-ph/0206182},
 keywords = {dark matter, gravitational lensing, large-scale structure of the Universe},
     year = 2002,
    month = dec,
   volume = 396,
    pages = {1-19},
      doi = {10.1051/0004-6361:20021341},
   adsurl = {http://adsabs.harvard.edu/abs/2002A%26A...396....1S},
  adsnote = {Provided by the SAO/NASA Astrophysics Data System}
}

@ARTICLE{Schneider02b,
   author = {{Schneider}, P. and {van Waerbeke}, L. and {Mellier}, Y.},
    title = "{B-modes in cosmic shear from source redshift clustering}",
  journal = {\aap},
   eprint = {arXiv:astro-ph/0112441},
 keywords = {cosmology, gravitational lensing, large-scale structure of the Universe},
     year = 2002,
    month = jul,
   volume = 389,
    pages = {729-741},
      doi = {10.1051/0004-6361:20020626},
   adsurl = {http://adsabs.harvard.edu/abs/2002A%26A...389..729S},
  adsnote = {Provided by the SAO/NASA Astrophysics Data System}
}



@ARTICLE{Smith03,
   author = {{Smith}, R.~E. and {Peacock}, J.~A. and {Jenkins}, A. and {White}, S.~D.~M. and 
	{Frenk}, C.~S. and {Pearce}, F.~R. and {Thomas}, P.~A. and {Efstathiou}, G. and 
	{Couchman}, H.~M.~P.},
    title = "{Stable clustering, the halo model and non-linear cosmological power spectra}",
  journal = {\mnras},
   eprint = {arXiv:astro-ph/0207664},
 keywords = {methods: N-body simulations, cosmology: theory, large-scale structure of Universe},
     year = 2003,
    month = jun,
   volume = 341,
    pages = {1311-1332},
      doi = {10.1046/j.1365-8711.2003.06503.x},
   adsurl = {http://adsabs.harvard.edu/abs/2003MNRAS.341.1311S},
  adsnote = {Provided by the SAO/NASA Astrophysics Data System}
}

@ARTICLE{Neyrinck09,
   author = {{Neyrinck}, M.~C. and {Szapudi}, I. and {Szalay}, A.~S.},
    title = "{Rejuvenating the Matter Power Spectrum: Restoring Information with a Logarithmic Density Mapping}",
  journal = {\apjl},
archivePrefix = "arXiv",
   eprint = {0903.4693},
 primaryClass = "astro-ph.CO",
 keywords = {cosmology: theory, large-scale structure of universe, methods: statistical},
     year = 2009,
    month = jun,
   volume = 698,
    pages = {L90-L93},
      doi = {10.1088/0004-637X/698/2/L90},
   adsurl = {http://adsabs.harvard.edu/abs/2009ApJ...698L..90N},
  adsnote = {Provided by the SAO/NASA Astrophysics Data System}
}

@ARTICLE{Neyrinck10,
   author = {{Neyrinck}, M.~C. and {Szapudi}, I. and {Szalay}, A.~S.},
    title = "{Rejuvenating Power Spectra II: the Gaussianized galaxy density field}",
  journal = {ArXiv e-prints},
archivePrefix = "arXiv",
   eprint = {1009.5680},
 primaryClass = "astro-ph.CO",
 keywords = {Astrophysics - Cosmology and Extragalactic Astrophysics},
     year = 2010,
    month = sep,
   adsurl = {http://adsabs.harvard.edu/abs/2010arXiv1009.5680N},
  adsnote = {Provided by the SAO/NASA Astrophysics Data System}
}


@ARTICLE{Seo11,
   author = {{Seo}, {H.-J.} and {Sato}, M. and {Dodelson}, S. and {Jain}, B. and 
	{Takada}, M.},
    title = "{Re-capturing Cosmic Information}",
  journal = {\apjl},
archivePrefix = "arXiv",
   eprint = {1008.0349},
 primaryClass = "astro-ph.CO",
 keywords = {cosmology: theory, gravitational lensing: weak, large-scale structure of universe },
     year = 2011,
    month = mar,
   volume = 729,
    pages = {L11+},
      doi = {10.1088/2041-8205/729/1/L11},
   adsurl = {http://adsabs.harvard.edu/abs/2011ApJ...729L..11S},
  adsnote = {Provided by the SAO/NASA Astrophysics Data System}
}

@ARTICLE{Scherrer10,
   author = {{Scherrer}, R.~J. and {Berlind}, A.~A. and {Mao}, Q. and {McBride}, C.~K.
	},
    title = "{From Finance to Cosmology: The Copula of Large-Scale Structure}",
  journal = {\apjl},
archivePrefix = "arXiv",
   eprint = {0909.5187},
 primaryClass = "astro-ph.CO",
 keywords = {galaxies: clusters: general, large-scale structure of universe},
     year = 2010,
    month = jan,
   volume = 708,
    pages = {L9-L13},
      doi = {10.1088/2041-8205/708/1/L9},
   adsurl = {http://adsabs.harvard.edu/abs/2010ApJ...708L...9S},
  adsnote = {Provided by the SAO/NASA Astrophysics Data System}
}




@ARTICLE{Takada04,
   author = {{Takada}, M. and {Jain}, B.},
    title = "{Cosmological parameters from lensing power spectrum and bispectrum tomography}",
  journal = {\mnras},
   eprint = {arXiv:astro-ph/0310125},
 keywords = {gravitational lensing, cosmology: theory, dark matter, large-scale structure of Universe},
     year = 2004,
    month = mar,
   volume = 348,
    pages = {897-915},
      doi = {10.1111/j.1365-2966.2004.07410.x},
   adsurl = {http://adsabs.harvard.edu/abs/2004MNRAS.348..897T},
  adsnote = {Provided by the SAO/NASA Astrophysics Data System}
}


@ARTICLE{Bartelmann01,
   author = {{Bartelmann}, M. and {Schneider}, P.},
    title = "{Weak gravitational lensing}",
  journal = {\physrep},
   eprint = {arXiv:astro-ph/9912508},
     year = 2001,
    month = jan,
   volume = 340,
    pages = {291-472},
      doi = {10.1016/S0370-1573(00)00082-X},
   adsurl = {http://adsabs.harvard.edu/abs/2001PhR...340..291B},
  adsnote = {Provided by the SAO/NASA Astrophysics Data System}
}

@ARTICLE{Schmidt10,
   author = {{Schmidt}, F. and {Rozo}, E.},
    title = "{Weak Lensing Peak Finding: Estimators, Filters, and Biases}",
  journal = {ArXiv e-prints},
archivePrefix = "arXiv",
   eprint = {1009.0757},
 primaryClass = "astro-ph.CO",
 keywords = {Astrophysics - Cosmology and Extragalactic Astrophysics},
     year = 2010,
    month = sep,
   adsurl = {http://adsabs.harvard.edu/abs/2010arXiv1009.0757S},
  adsnote = {Provided by the SAO/NASA Astrophysics Data System}
}


@ARTICLE{Hirata04,
   author = {{Hirata}, C.~M. and {Seljak}, U.},
    title = "{Intrinsic alignment-lensing interference as a contaminant of cosmic shear}",
  journal = {\prd},
   eprint = {arXiv:astro-ph/0406275},
 keywords = {Observational cosmology, Galactic halos, Gravitational lenses and luminous arcs},
     year = 2004,
    month = sep,
   volume = 70,
   number = 6,
    pages = {063526-+},
      doi = {10.1103/PhysRevD.70.063526},
   adsurl = {http://adsabs.harvard.edu/abs/2004PhRvD..70f3526H},
  adsnote = {Provided by the SAO/NASA Astrophysics Data System}
}

@ARTICLE{Mandelbaum06,
   author = {{Mandelbaum}, R. and {Hirata}, C.~M. and {Ishak}, M. and {Seljak}, U. and 
	{Brinkmann}, J.},
    title = "{Detection of large-scale intrinsic ellipticity-density correlation from the Sloan Digital Sky Survey and implications for weak lensing surveys}",
  journal = {\mnras},
   eprint = {arXiv:astro-ph/0509026},
 keywords = {gravitational lensing, cosmology: observations, large-scale structure of Universe},
     year = 2006,
    month = apr,
   volume = 367,
    pages = {611-626},
      doi = {10.1111/j.1365-2966.2005.09946.x},
   adsurl = {http://adsabs.harvard.edu/abs/2006MNRAS.367..611M},
  adsnote = {Provided by the SAO/NASA Astrophysics Data System}
}

@ARTICLE{Kirk10,
   author = {{Kirk}, D. and {Bridle}, S. and {Schneider}, M.},
    title = "{The impact of intrinsic alignments: cosmological constraints from a joint analysis of cosmic shear and galaxy survey data}",
  journal = {\mnras},
archivePrefix = "arXiv",
   eprint = {1001.3787},
 primaryClass = "astro-ph.CO",
 keywords = {gravitational lensing: weak, galaxies: evolution, cosmology: observations, large-scale structure of Universe},
     year = 2010,
    month = nov,
   volume = 408,
    pages = {1502-1515},
      doi = {10.1111/j.1365-2966.2010.17213.x},
   adsurl = {http://adsabs.harvard.edu/abs/2010MNRAS.408.1502K},
  adsnote = {Provided by the SAO/NASA Astrophysics Data System}
}

@ARTICLE{Schneider98,
   author = {{Schneider}, P. and {van Waerbeke}, L. and {Jain}, B. and {Kruse}, G.
	},
    title = "{A new measure for cosmic shear}",
  journal = {\mnras},
   eprint = {arXiv:astro-ph/9708143},
 keywords = {GRAVITATIONAL LENSING, LARGE-SCALE STRUCTURE OF UNIVERSE},
     year = 1998,
    month = jun,
   volume = 296,
    pages = {873-892},
      doi = {10.1046/j.1365-8711.1998.01422.x},
   adsurl = {http://adsabs.harvard.edu/abs/1998MNRAS.296..873S},
  adsnote = {Provided by the SAO/NASA Astrophysics Data System}
}

@ARTICLE{Mandelbaum10,
   author = {{Mandelbaum}, R. and {Seljak}, U. and {Baldauf}, T. and {Smith}, R.~E.
	},
    title = "{Precision cluster mass determination from weak lensing}",
  journal = {\mnras},
archivePrefix = "arXiv",
   eprint = {0911.4972},
 primaryClass = "astro-ph.CO",
 keywords = {gravitational lensing: weak, galaxies: clusters: general, cosmology: observations, dark matter},
     year = 2010,
    month = jul,
   volume = 405,
    pages = {2078-2102},
      doi = {10.1111/j.1365-2966.2010.16619.x},
   adsurl = {http://adsabs.harvard.edu/abs/2010MNRAS.405.2078M},
  adsnote = {Provided by the SAO/NASA Astrophysics Data System}
}

@ARTICLE{Kratochvil10,
   author = {{Kratochvil}, J.~M. and {Haiman}, Z. and {May}, M.},
    title = "{Probing cosmology with weak lensing peak counts}",
  journal = {\prd},
archivePrefix = "arXiv",
   eprint = {0907.0486},
 primaryClass = "astro-ph.CO",
 keywords = {Cosmology, Dark energy, Astronomical catalogs, atlases, sky surveys, databases, retrieval systems, archives, etc., Superclusters; large-scale structure of the Universe},
     year = 2010,
    month = feb,
   volume = 81,
   number = 4,
    pages = {043519-+},
      doi = {10.1103/PhysRevD.81.043519},
   adsurl = {http://adsabs.harvard.edu/abs/2010PhRvD..81d3519K},
  adsnote = {Provided by the SAO/NASA Astrophysics Data System}
}
 
@INPROCEEDINGS{Kratochvil11,
   author = {{Kratochvil}, J.~M. and {Lim}, E.~A. and {Wang}, S. and {Haiman}, Z. and 
	{May}, M. and {Huffenberger}, K.},
    title = "{Probing Cosmology with Minkowski Functionals of Weak Lensing Maps}",
booktitle = {American Astronomical Society Meeting Abstracts \#217},
     year = 2011,
   series = {Bulletin of the American Astronomical Society},
   volume = 43,
    month = jan,
    pages = {\#225.02-+},
   adsurl = {http://adsabs.harvard.edu/abs/2011AAS...21722502K},
  adsnote = {Provided by the SAO/NASA Astrophysics Data System}
}




@ARTICLE{Wang09,
   author = {{Wang}, S. and {Haiman}, Z. and {May}, M.},
    title = "{Constraining Cosmology with High-Convergence Regions in Weak Lensing Surveys}",
  journal = {\apj},
archivePrefix = "arXiv",
   eprint = {0809.4052},
 keywords = {cosmology: theory, gravitational lensing, large-scale structure of universe, methods: numerical},
     year = 2009,
    month = jan,
   volume = 691,
    pages = {547-559},
      doi = {10.1088/0004-637X/691/1/547},
   adsurl = {http://adsabs.harvard.edu/abs/2009ApJ...691..547W},
  adsnote = {Provided by the SAO/NASA Astrophysics Data System}
}


@ARTICLE{Schneider10,
   author = {{Schneider}, P. and {Eifler}, T. and {Krause}, E.},
    title = "{COSEBIs: Extracting the full E-/B-mode information from cosmic shear correlation functions}",
  journal = {\aap},
archivePrefix = "arXiv",
   eprint = {1002.2136},
 primaryClass = "astro-ph.CO",
 keywords = {large-scale structure of Universe, gravitational lensing: weak, cosmological parameters, methods: statistical},
     year = 2010,
    month = sep,
   volume = 520,
    pages = {A116+},
      doi = {10.1051/0004-6361/201014235},
   adsurl = {http://adsabs.harvard.edu/abs/2010A%26A...520A.116S},
  adsnote = {Provided by the SAO/NASA Astrophysics Data System}
}

@ARTICLE{Pires09,
   author = {{Pires}, S. and {Starck}, {J.-L.} and {Amara}, A. and {Teyssier}, R. and 
	{R{\'e}fr{\'e}gier}, A. and {Fadili}, J.},
    title = "{FAst STatistics for weak Lensing (FASTLens): fast method for weak lensing statistics and map making}",
  journal = {\mnras},
 keywords = {methods: data analysis , methods: statistical , dark matter},
     year = 2009,
    month = may,
   volume = 395,
    pages = {1265-1279},
      doi = {10.1111/j.1365-2966.2009.14625.x},
   adsurl = {http://adsabs.harvard.edu/abs/2009MNRAS.395.1265P},
  adsnote = {Provided by the SAO/NASA Astrophysics Data System}
}

@ARTICLE{Padmanabhan03,
   author = {{Padmanabhan}, N. and {Seljak}, U. and {Pen}, U.~L.},
    title = "{Mining weak lensing surveys}",
  journal = {New Astronomy},
   eprint = {arXiv:astro-ph/0210478},
 keywords = {Gravitational lensing, Cosmology: observations, Large-scale structure of universe},
     year = 2003,
    month = aug,
   volume = 8,
    pages = {581-603},
      doi = {10.1016/S1384-1076(03)00055-1},
   adsurl = {http://adsabs.harvard.edu/abs/2003NewA....8..581P},
  adsnote = {Provided by the SAO/NASA Astrophysics Data System}
}


@ARTICLE{Pope04,
   author = {{Pope}, A.~C. and {Matsubara}, T. and {Szalay}, A.~S. and {Blanton}, M.~R. and 
	{Eisenstein}, D.~J. and {Gray}, J. and {Jain}, B. and {Bahcall}, N.~A. and 
	{Brinkmann}, J. and {Budavari}, T. and {Connolly}, A.~J. and 
	{Frieman}, J.~A. and {Gunn}, J.~E. and {Johnston}, D. and {Kent}, S.~M. and 
	{Lupton}, R.~H. and {Meiksin}, A. and {Nichol}, R.~C. and {Schneider}, D.~P. and 
	{Scranton}, R. and {Strauss}, M.~A. and {Szapudi}, I. and {Tegmark}, M. and 
	{Vogeley}, M.~S. and {Weinberg}, D.~H. and {Zehavi}, I.},
    title = "{Cosmological Parameters from Eigenmode Analysis of Sloan Digital Sky Survey Galaxy Redshifts}",
  journal = {\apj},
   eprint = {arXiv:astro-ph/0401249},
 keywords = {Cosmology: Cosmological Parameters, Cosmology: Theory, Galaxies: Distances and Redshifts, Cosmology: Large-Scale Structure of Universe, Methods: Statistical},
     year = 2004,
    month = jun,
   volume = 607,
    pages = {655-660},
      doi = {10.1086/383533},
   adsurl = {http://adsabs.harvard.edu/abs/2004ApJ...607..655P},
  adsnote = {Provided by the SAO/NASA Astrophysics Data System}
}

@ARTICLE{Kaiser93,
   author = {{Kaiser}, N. and {Squires}, G.},
    title = "{Mapping the dark matter with weak gravitational lensing}",
  journal = {\apj},
 keywords = {COSMOLOGY, DARK MATTER, GALACTIC CLUSTERS, GRAVITATIONAL LENSES, ELLIPTICITY, GALACTIC MASS, MASS DISTRIBUTION},
     year = 1993,
    month = feb,
   volume = 404,
    pages = {441-450},
      doi = {10.1086/172297},
   adsurl = {http://adsabs.harvard.edu/abs/1993ApJ...404..441K},
  adsnote = {Provided by the SAO/NASA Astrophysics Data System}
}

@ARTICLE{Kaiser95,
   author = {{Kaiser}, N. and {Squires}, G. and {Broadhurst}, T.},
    title = "{A Method for Weak Lensing Observations}",
  journal = {\apj},
   eprint = {arXiv:astro-ph/9411005},
 keywords = {COSMOLOGY: OBSERVATIONS, COSMOLOGY: DARK MATTER, GALAXIES: FORMATION, COSMOLOGY: GRAVITATIONAL LENSING, COSMOLOGY: LARGE-SCALE STRUCTURE OF UNIVERSE},
     year = 1995,
    month = aug,
   volume = 449,
    pages = {460-+},
      doi = {10.1086/176071},
   adsurl = {http://adsabs.harvard.edu/abs/1995ApJ...449..460K},
  adsnote = {Provided by the SAO/NASA Astrophysics Data System}
}



@ARTICLE{Press74,
   author = {{Press}, W.~H. and {Schechter}, P.},
    title = "{Formation of Galaxies and Clusters of Galaxies by Self-Similar Gravitational Condensation}",
  journal = {\apj},
     year = 1974,
    month = feb,
   volume = 187,
    pages = {425-438},
      doi = {10.1086/152650},
   adsurl = {http://adsabs.harvard.edu/abs/1974ApJ...187..425P},
  adsnote = {Provided by the SAO/NASA Astrophysics Data System}
}

@ARTICLE{White93,
   author = {{White}, S.~D.~M. and {Efstathiou}, G. and {Frenk}, C.~S.},
    title = "{The amplitude of mass fluctuations in the universe}",
  journal = {\mnras},
 keywords = {DARK MATTER, GALACTIC CLUSTERS, MASS DISTRIBUTION, UNIVERSE, FLUCTUATION THEORY, GALACTIC STRUCTURE, LINEAR EQUATIONS},
     year = 1993,
    month = jun,
   volume = 262,
    pages = {1023-1028},
   adsurl = {http://adsabs.harvard.edu/abs/1993MNRAS.262.1023W},
  adsnote = {Provided by the SAO/NASA Astrophysics Data System}
}

@ARTICLE{Linder03,
   author = {{Linder}, E.~V. and {Jenkins}, A.},
    title = "{Cosmic structure growth and dark energy}",
  journal = {\mnras},
   eprint = {arXiv:astro-ph/0305286},
 keywords = {gravitation, methods: numerical, cosmological parameters},
     year = 2003,
    month = dec,
   volume = 346,
    pages = {573-583},
      doi = {10.1046/j.1365-2966.2003.07112.x},
   adsurl = {http://adsabs.harvard.edu/abs/2003MNRAS.346..573L},
  adsnote = {Provided by the SAO/NASA Astrophysics Data System}
}

@ARTICLE{Matarrese00,
   author = {{Matarrese}, S. and {Verde}, L. and {Jimenez}, R.},
    title = "{The Abundance of High-Redshift Objects as a Probe of Non-Gaussian Initial Conditions}",
  journal = {\apj},
   eprint = {arXiv:astro-ph/0001366},
 keywords = {Cosmology: Theory, Galaxies: Clusters: General},
     year = 2000,
    month = sep,
   volume = 541,
    pages = {10-24},
      doi = {10.1086/309412},
   adsurl = {http://adsabs.harvard.edu/abs/2000ApJ...541...10M},
  adsnote = {Provided by the SAO/NASA Astrophysics Data System}
}



@ARTICLE{Grossi07,
   author = {{Grossi}, M. and {Dolag}, K. and {Branchini}, E. and {Matarrese}, S. and 
	{Moscardini}, L.},
    title = "{Evolution of massive haloes in non-Gaussian scenarios}",
  journal = {\mnras},
archivePrefix = "arXiv",
   eprint = {0707.2516},
 keywords = {galaxies: clusters: general, cosmology: theory, early Universe, large-scale structure of Universe},
     year = 2007,
    month = dec,
   volume = 382,
    pages = {1261-1267},
      doi = {10.1111/j.1365-2966.2007.12458.x},
   adsurl = {http://adsabs.harvard.edu/abs/2007MNRAS.382.1261G},
  adsnote = {Provided by the SAO/NASA Astrophysics Data System}
}

@ARTICLE{Rasia06,
   author = {{Rasia}, E. and {Ettori}, S. and {Moscardini}, L. and {Mazzotta}, P. and 
	{Borgani}, S. and {Dolag}, K. and {Tormen}, G. and {Cheng}, L.~M. and 
	{Diaferio}, A.},
    title = "{Systematics in the X-ray cluster mass estimators}",
  journal = {\mnras},
   eprint = {arXiv:astro-ph/0602434},
 keywords = {hydrodynamics: methods: numerical: galaxies: clusters: general: cosmology: miscellaneous: X-rays: galaxies, hydrodynamics, methods: numerical, galaxies: clusters: general, cosmology: miscellaneous, X-rays: galaxies},
     year = 2006,
    month = jul,
   volume = 369,
    pages = {2013-2024},
      doi = {10.1111/j.1365-2966.2006.10466.x},
   adsurl = {http://adsabs.harvard.edu/abs/2006MNRAS.369.2013R},
  adsnote = {Provided by the SAO/NASA Astrophysics Data System}
}

@ARTICLE{Nagai07,
   author = {{Nagai}, D. and {Vikhlinin}, A. and {Kravtsov}, A.~V.},
    title = "{Testing X-Ray Measurements of Galaxy Clusters with Cosmological Simulations}",
  journal = {\apj},
   eprint = {arXiv:astro-ph/0609247},
 keywords = {Cosmology: Theory, Galaxies: Formation, Methods: Numerical},
     year = 2007,
    month = jan,
   volume = 655,
    pages = {98-108},
      doi = {10.1086/509868},
   adsurl = {http://adsabs.harvard.edu/abs/2007ApJ...655...98N},
  adsnote = {Provided by the SAO/NASA Astrophysics Data System}
}

@ARTICLE{Jeltema08,
   author = {{Jeltema}, T.~E. and {Hallman}, E.~J. and {Burns}, J.~O. and 
	{Motl}, P.~M.},
    title = "{Cluster Structure in Cosmological Simulations. I. Correlation to Observables, Mass Estimates, and Evolution}",
  journal = {\apj},
archivePrefix = "arXiv",
   eprint = {0708.1518},
 keywords = {Galaxies: Clusters: General, Hydrodynamics, Cosmology: Large-Scale Structure of Universe, Methods: Numerical, X-Rays: Galaxies: Clusters},
     year = 2008,
    month = jul,
   volume = 681,
    pages = {167-186},
      doi = {10.1086/587502},
   adsurl = {http://adsabs.harvard.edu/abs/2008ApJ...681..167J},
  adsnote = {Provided by the SAO/NASA Astrophysics Data System}
}



@ARTICLE{Kravtsov06,
   author = {{Kravtsov}, A.~V. and {Vikhlinin}, A. and {Nagai}, D.},
    title = "{A New Robust Low-Scatter X-Ray Mass Indicator for Clusters of Galaxies}",
  journal = {\apj},
   eprint = {arXiv:astro-ph/0603205},
 keywords = {Cosmology: Theory, Galaxies: Clusters: General, Galaxies: Evolution, Methods: Numerical, X-Rays: Galaxies: Clusters},
     year = 2006,
    month = oct,
   volume = 650,
    pages = {128-136},
      doi = {10.1086/506319},
   adsurl = {http://adsabs.harvard.edu/abs/2006ApJ...650..128K},
  adsnote = {Provided by the SAO/NASA Astrophysics Data System}
}

@ARTICLE{Vikhlinin09a,
   author = {{Vikhlinin}, A. and {Burenin}, R.~A. and {Ebeling}, H. and {Forman}, W.~R. and 
	{Hornstrup}, A. and {Jones}, C. and {Kravtsov}, A.~V. and {Murray}, S.~S. and 
	{Nagai}, D. and {Quintana}, H. and {Voevodkin}, A.},
    title = "{Chandra Cluster Cosmology Project. II. Samples and X-Ray Data Reduction}",
  journal = {\apj},
archivePrefix = "arXiv",
   eprint = {0805.2207},
 keywords = {catalogs, galaxies: clusters: general, surveys, X-rays: galaxies},
     year = 2009,
    month = feb,
   volume = 692,
    pages = {1033-1059},
      doi = {10.1088/0004-637X/692/2/1033},
   adsurl = {http://adsabs.harvard.edu/abs/2009ApJ...692.1033V},
  adsnote = {Provided by the SAO/NASA Astrophysics Data System}
}



@ARTICLE{Vikhlinin09b,
   author = {{Vikhlinin}, A. and {Kravtsov}, A.~V. and {Burenin}, R.~A. and 
	{Ebeling}, H. and {Forman}, W.~R. and {Hornstrup}, A. and {Jones}, C. and 
	{Murray}, S.~S. and {Nagai}, D. and {Quintana}, H. and {Voevodkin}, A.
	},
    title = "{Chandra Cluster Cosmology Project III: Cosmological Parameter Constraints}",
  journal = {\apj},
archivePrefix = "arXiv",
   eprint = {0812.2720},
 keywords = {cosmological parameters, cosmology: observations, galaxies: clusters: general, dark matter, surveys},
     year = 2009,
    month = feb,
   volume = 692,
    pages = {1060-1074},
      doi = {10.1088/0004-637X/692/2/1060},
   adsurl = {http://adsabs.harvard.edu/abs/2009ApJ...692.1060V},
  adsnote = {Provided by the SAO/NASA Astrophysics Data System}
}

