@ARTICLE{Hikage11,
   author = {{Hikage}, C. and {Takada}, M. and {Hamana}, T. and {Spergel}, D.
	},
    title = "{Shear power spectrum reconstruction using the pseudo-spectrum method}",
  journal = {\mnras},
archivePrefix = "arXiv",
   eprint = {1004.3542},
 primaryClass = "astro-ph.CO",
 keywords = {gravitational lensing: weak, methods: analytical, large-scale structure of Universe, cosmology: theory},
     year = 2011,
    month = mar,
   volume = 412,
    pages = {65-74},
      doi = {10.1111/j.1365-2966.2010.17886.x},
   adsurl = {http://adsabs.harvard.edu/abs/2011MNRAS.412...65H},
  adsnote = {Provided by the SAO/NASA Astrophysics Data System}
}

@ARTICLE{Takada04,
   author = {{Takada}, M. and {Jain}, B.},
    title = "{Cosmological parameters from lensing power spectrum and bispectrum tomography}",
  journal = {\mnras},
   eprint = {arXiv:astro-ph/0310125},
 keywords = {gravitational lensing, cosmology: theory, dark matter, large-scale structure of Universe},
     year = 2004,
    month = mar,
   volume = 348,
    pages = {897-915},
      doi = {10.1111/j.1365-2966.2004.07410.x},
   adsurl = {http://adsabs.harvard.edu/abs/2004MNRAS.348..897T},
  adsnote = {Provided by the SAO/NASA Astrophysics Data System}
}

@ARTICLE{Szalay03,
   author = {{Szalay}, A.~S. and {Jain}, B. and {Matsubara}, T. and {Scranton}, R. and 
	{Vogeley}, M.~S. and {Connolly}, A. and {Dodelson}, S. and {Eisenstein}, D. and 
	{Frieman}, J.~A. and {Gunn}, J.~E. and {Hui}, L. and {Johnston}, D. and 
	{Kent}, S. and {Kerscher}, M. and {Loveday}, J. and {Meiksin}, A. and 
	{Narayanan}, V. and {Nichol}, R.~C. and {O'Connell}, L. and 
	{Pope}, A. and {Scoccimarro}, R. and {Sheth}, R.~K. and {Stebbins}, A. and 
	{Strauss}, M.~A. and {Szapudi}, I. and {Tegmark}, M. and {Zehavi}, I. and 
	{Annis}, J. and {Bahcall}, N. and {Brinkmann}, J. and {Csabai}, I. and 
	{Fukugita}, M. and {Hennessy}, G. and {Ivezic}, Z. and {Knapp}, G.~R. and 
	{Kunszt}, P.~Z. and {Lamb}, D.~Q. and {Lee}, B.~C. and {Lupton}, R.~H. and 
	{Munn}, J.~R. and {Peoples}, J. and {Pier}, J.~R. and {Rockosi}, C. and 
	{Schlegel}, D. and {Stoughton}, C. and {Tucker}, D.~L. and {Yanny}, B. and 
	{York}, D.~G.},
    title = "{Karhunen-Lo{\`e}ve Estimation of the Power Spectrum Parameters from the Angular Distribution of Galaxies in Early Sloan Digital Sky Survey Data}",
  journal = {\apj},
   eprint = {arXiv:astro-ph/0107419},
 keywords = {Cosmology: Theory, Galaxies: Clusters: General, Galaxies: Formation, Cosmology: Large-Scale Structure of Universe, Methods: Data Analysis, Methods: Statistical},
     year = 2003,
    month = jul,
   volume = 591,
    pages = {1-11},
      doi = {10.1086/375264},
   adsurl = {http://adsabs.harvard.edu/abs/2003ApJ...591....1S},
  adsnote = {Provided by the SAO/NASA Astrophysics Data System}
}




@ARTICLE{Kilbinger04,
   author = {{Kilbinger}, M. and {Schneider}, P.},
    title = "{Analysis of two-point statistics of cosmic shear. II. Optimizing the survey geometry}",
  journal = {\aap},
   eprint = {arXiv:astro-ph/0308119},
 keywords = {cosmology: observations, gravitational lensing, cosmology: large-scale structure of Universe},
     year = 2004,
    month = jan,
   volume = 413,
    pages = {465-476},
      doi = {10.1051/0004-6361:20034172},
   adsurl = {http://adsabs.harvard.edu/abs/2004A%26A...413..465K},
  adsnote = {Provided by the SAO/NASA Astrophysics Data System}
}





@ARTICLE{Brown03,
   author = {{Brown}, M.~L. and {Taylor}, A.~N. and {Bacon}, D.~J. and {Gray}, M.~E. and 
	{Dye}, S. and {Meisenheimer}, K. and {Wolf}, C.},
    title = "{The shear power spectrum from the COMBO-17 survey}",
  journal = {\mnras},
   eprint = {arXiv:astro-ph/0210213},
 keywords = {gravitational lensing, cosmology: observations, large-scale structure of Universe},
     year = 2003,
    month = may,
   volume = 341,
    pages = {100-118},
      doi = {10.1046/j.1365-8711.2003.06237.x},
   adsurl = {http://adsabs.harvard.edu/abs/2003MNRAS.341..100B},
  adsnote = {Provided by the SAO/NASA Astrophysics Data System}
}



@ARTICLE{Ichiki09,
   author = {{Ichiki}, K. and {Takada}, M. and {Takahashi}, T.},
    title = "{Constraints on neutrino masses from weak lensing}",
  journal = {\prd},
archivePrefix = "arXiv",
   eprint = {0810.4921},
 keywords = {Cosmology},
     year = 2009,
    month = jan,
   volume = 79,
   number = 2,
    pages = {023520-+},
      doi = {10.1103/PhysRevD.79.023520},
   adsurl = {http://adsabs.harvard.edu/abs/2009PhRvD..79b3520I},
  adsnote = {Provided by the SAO/NASA Astrophysics Data System}
}

@ARTICLE{Takada09,
   author = {{Takada}, M. and {Jain}, B.},
    title = "{The impact of non-Gaussian errors on weak lensing surveys}",
  journal = {\mnras},
archivePrefix = "arXiv",
   eprint = {0810.4170},
 keywords = {gravitational lensing , cosmology: theory , large-scale structure of universe},
     year = 2009,
    month = jun,
   volume = 395,
    pages = {2065-2086},
      doi = {10.1111/j.1365-2966.2009.14504.x},
   adsurl = {http://adsabs.harvard.edu/abs/2009MNRAS.395.2065T},
  adsnote = {Provided by the SAO/NASA Astrophysics Data System}
}





@ARTICLE{Takada07,
   author = {{Takada}, M. and {Bridle}, S.},
    title = "{Probing dark energy with cluster counts and cosmic shear power spectra: including the full covariance}",
  journal = {New Journal of Physics},
archivePrefix = "arXiv",
   eprint = {0705.0163},
     year = 2007,
    month = dec,
   volume = 9,
    pages = {446-+},
      doi = {10.1088/1367-2630/9/12/446},
   adsurl = {http://adsabs.harvard.edu/abs/2007NJPh....9..446T},
  adsnote = {Provided by the SAO/NASA Astrophysics Data System}
}



@ARTICLE{Vogeley96,
   author = {{Vogeley}, M.~S. and {Szalay}, A.~S.},
    title = "{Eigenmode Analysis of Galaxy Redshift Surveys. I. Theory and Methods}",
  journal = {\apj},
   eprint = {arXiv:astro-ph/9601185},
 keywords = {COSMOLOGY: OBSERVATIONS, GALAXIES: DISTANCES AND REDSHIFTS, COSMOLOGY: LARGE-SCALE STRUCTURE OF UNIVERSE, METHODS: STATISTICAL},
     year = 1996,
    month = jul,
   volume = 465,
    pages = {34-+},
      doi = {10.1086/177399},
   adsurl = {http://adsabs.harvard.edu/abs/1996ApJ...465...34V},
  adsnote = {Provided by the SAO/NASA Astrophysics Data System}
}

@ARTICLE{Schneider02,
   author = {{Schneider}, P. and {van Waerbeke}, L. and {Kilbinger}, M. and 
	{Mellier}, Y.},
    title = "{Analysis of two-point statistics of cosmic shear. I. Estimators and covariances}",
  journal = {\aap},
   eprint = {arXiv:astro-ph/0206182},
 keywords = {dark matter, gravitational lensing, large-scale structure of the Universe},
     year = 2002,
    month = dec,
   volume = 396,
    pages = {1-19},
      doi = {10.1051/0004-6361:20021341},
   adsurl = {http://adsabs.harvard.edu/abs/2002A%26A...396....1S},
  adsnote = {Provided by the SAO/NASA Astrophysics Data System}
}



@ARTICLE{Smith03,
   author = {{Smith}, R.~E. and {Peacock}, J.~A. and {Jenkins}, A. and {White}, S.~D.~M. and 
	{Frenk}, C.~S. and {Pearce}, F.~R. and {Thomas}, P.~A. and {Efstathiou}, G. and 
	{Couchman}, H.~M.~P.},
    title = "{Stable clustering, the halo model and non-linear cosmological power spectra}",
  journal = {\mnras},
   eprint = {arXiv:astro-ph/0207664},
 keywords = {methods: N-body simulations, cosmology: theory, large-scale structure of Universe},
     year = 2003,
    month = jun,
   volume = 341,
    pages = {1311-1332},
      doi = {10.1046/j.1365-8711.2003.06503.x},
   adsurl = {http://adsabs.harvard.edu/abs/2003MNRAS.341.1311S},
  adsnote = {Provided by the SAO/NASA Astrophysics Data System}
}



@ARTICLE{Tegmark06,
   author = {{Tegmark}, M. and {Eisenstein}, D.~J. and {Strauss}, M.~A. and 
	{Weinberg}, D.~H. and {Blanton}, M.~R. and {Frieman}, J.~A. and 
	{Fukugita}, M. and {Gunn}, J.~E. and {Hamilton}, A.~J.~S. and 
	{Knapp}, G.~R. and {Nichol}, R.~C. and {Ostriker}, J.~P. and 
	{Padmanabhan}, N. and {Percival}, W.~J. and {Schlegel}, D.~J. and 
	{Schneider}, D.~P. and {Scoccimarro}, R. and {Seljak}, U. and 
	{Seo}, H.-J. and {Swanson}, M. and {Szalay}, A.~S. and {Vogeley}, M.~S. and 
	{Yoo}, J. and {Zehavi}, I. and {Abazajian}, K. and {Anderson}, S.~F. and 
	{Annis}, J. and {Bahcall}, N.~A. and {Bassett}, B. and {Berlind}, A. and 
	{Brinkmann}, J. and {Budavari}, T. and {Castander}, F. and {Connolly}, A. and 
	{Csabai}, I. and {Doi}, M. and {Finkbeiner}, D.~P. and {Gillespie}, B. and 
	{Glazebrook}, K. and {Hennessy}, G.~S. and {Hogg}, D.~W. and 
	{Ivezi{\'c}}, {\v Z}. and {Jain}, B. and {Johnston}, D. and 
	{Kent}, S. and {Lamb}, D.~Q. and {Lee}, B.~C. and {Lin}, H. and 
	{Loveday}, J. and {Lupton}, R.~H. and {Munn}, J.~A. and {Pan}, K. and 
	{Park}, C. and {Peoples}, J. and {Pier}, J.~R. and {Pope}, A. and 
	{Richmond}, M. and {Rockosi}, C. and {Scranton}, R. and {Sheth}, R.~K. and 
	{Stebbins}, A. and {Stoughton}, C. and {Szapudi}, I. and {Tucker}, D.~L. and 
	{vanden Berk}, D.~E. and {Yanny}, B. and {York}, D.~G.},
    title = "{Cosmological constraints from the SDSS luminous red galaxies}",
  journal = {\prd},
   eprint = {arXiv:astro-ph/0608632},
 keywords = {Observational cosmology},
     year = 2006,
    month = dec,
   volume = 74,
   number = 12,
    pages = {123507-+},
      doi = {10.1103/PhysRevD.74.123507},
   adsurl = {http://adsabs.harvard.edu/abs/2006PhRvD..74l3507T},
  adsnote = {Provided by the SAO/NASA Astrophysics Data System}
}


@ARTICLE{Kilbinger06,
   author = {{Kilbinger}, M. and {Munshi}, D.},
    title = "{Designing weak lensing surveys: a generalized eigenmode analysis}",
  journal = {\mnras},
   eprint = {arXiv:astro-ph/0509548},
 keywords = {gravitational lensing, methods: analytical, methods: numerical, methods: statistical, cosmology: theory, large-scale structure of Universe},
     year = 2006,
    month = mar,
   volume = 366,
    pages = {983-995},
      doi = {10.1111/j.1365-2966.2005.09857.x},
   adsurl = {http://adsabs.harvard.edu/abs/2006MNRAS.366..983K},
  adsnote = {Provided by the SAO/NASA Astrophysics Data System}
}

@ARTICLE{Munshi06,
   author = {{Munshi}, D. and {Kilbinger}, M.},
    title = "{Principal component analysis of weak lensing surveys}",
  journal = {\aap},
   eprint = {arXiv:astro-ph/0511705},
 keywords = {cosmology: cosmological parameters, gravitational lensing, cosmology: large-scale, structure of Universe, methods: analytical, methods: statistical, methods:, numerical},
     year = 2006,
    month = jun,
   volume = 452,
    pages = {63-73},
      doi = {10.1051/0004-6361:20054586},
   adsurl = {http://adsabs.harvard.edu/abs/2006A%26A...452...63M},
  adsnote = {Provided by the SAO/NASA Astrophysics Data System}
}

@ARTICLE{Yip04a,
   author = {{Yip}, C.~W. and {Connolly}, A.~J. and {Szalay}, A.~S. and {Budav{\'a}ri}, T. and 
	{SubbaRao}, M. and {Frieman}, J.~A. and {Nichol}, R.~C. and 
	{Hopkins}, A.~M. and {York}, D.~G. and {Okamura}, S. and {Brinkmann}, J. and 
	{Csabai}, I. and {Thakar}, A.~R. and {Fukugita}, M. and {Ivezi{\'c}}, {\v Z}.
	},
    title = "{Distributions of Galaxy Spectral Types in the Sloan Digital Sky Survey}",
  journal = {\aj},
   eprint = {arXiv:astro-ph/0407061},
 keywords = {Galaxies: Fundamental Parameters, Galaxies: General, Methods: Data Analysis, Techniques: Spectroscopic},
     year = 2004,
    month = aug,
   volume = 128,
    pages = {585-609},
      doi = {10.1086/422429},
   adsurl = {http://adsabs.harvard.edu/abs/2004AJ....128..585Y},
  adsnote = {Provided by the SAO/NASA Astrophysics Data System}
}

@ARTICLE{Yip04b,
   author = {{Yip}, C.~W. and {Connolly}, A.~J. and {Vanden Berk}, D.~E. and 
	{Ma}, Z. and {Frieman}, J.~A. and {SubbaRao}, M. and {Szalay}, A.~S. and 
	{Richards}, G.~T. and {Hall}, P.~B. and {Schneider}, D.~P. and 
	{Hopkins}, A.~M. and {Trump}, J. and {Brinkmann}, J.},
    title = "{Spectral Classification of Quasars in the Sloan Digital Sky Survey: Eigenspectra, Redshift, and Luminosity Effects}",
  journal = {\aj},
   eprint = {arXiv:astro-ph/0408578},
 keywords = {Methods: Statistical, Galaxies: Quasars: General, Surveys, Techniques: Spectroscopic},
     year = 2004,
    month = dec,
   volume = 128,
    pages = {2603-2630},
      doi = {10.1086/425626},
   adsurl = {http://adsabs.harvard.edu/abs/2004AJ....128.2603Y},
  adsnote = {Provided by the SAO/NASA Astrophysics Data System}
}


@ARTICLE{Connolly95,
   author = {{Connolly}, A.~J. and {Szalay}, A.~S. and {Bershady}, M.~A. and 
	{Kinney}, A.~L. and {Calzetti}, D.},
    title = "{Spectral Classification of Galaxies: an Orthogonal Approach}",
  journal = {\aj},
   eprint = {arXiv:astro-ph/9411044},
 keywords = {GALAXIES: FUNDAMENTAL PARAMETERS},
     year = 1995,
    month = sep,
   volume = 110,
    pages = {1071-+},
      doi = {10.1086/117587},
   adsurl = {http://adsabs.harvard.edu/abs/1995AJ....110.1071C},
  adsnote = {Provided by the SAO/NASA Astrophysics Data System}
}

@ARTICLE{Connolly99,
   author = {{Connolly}, A.~J. and {Szalay}, A.~S.},
    title = "{A Robust Classification of Galaxy Spectra: Dealing with Noisy and Incomplete Data}",
  journal = {\aj},
   eprint = {arXiv:astro-ph/9901300},
 keywords = {GALAXIES: EVOLUTION, GALAXIES: STELLAR CONTENT, TECHNIQUES: SPECTROSCOPIC},
     year = 1999,
    month = may,
   volume = 117,
    pages = {2052-2062},
      doi = {10.1086/300839},
   adsurl = {http://adsabs.harvard.edu/abs/1999AJ....117.2052C},
  adsnote = {Provided by the SAO/NASA Astrophysics Data System}
}

@ARTICLE{Schrabback10,
   author = {{Schrabback}, T. and {Hartlap}, J. and {Joachimi}, B. and {Kilbinger}, M. and 
	{Simon}, P. and {Benabed}, K. and {Brada{\v c}}, M. and {Eifler}, T. and 
	{Erben}, T. and {Fassnacht}, C.~D. and {High}, F.~W. and {Hilbert}, S. and 
	{Hildebrandt}, H. and {Hoekstra}, H. and {Kuijken}, K. and {Marshall}, P.~J. and 
	{Mellier}, Y. and {Morganson}, E. and {Schneider}, P. and {Semboloni}, E. and 
	{van Waerbeke}, L. and {Velander}, M.},
    title = "{Evidence of the accelerated expansion of the Universe from weak lensing tomography with COSMOS}",
  journal = {\aap},
archivePrefix = "arXiv",
   eprint = {0911.0053},
 primaryClass = "astro-ph.CO",
 keywords = {cosmological parameters, dark matter, large-scale structure of Universe, gravitational lensing: weak},
     year = 2010,
    month = jun,
   volume = 516,
    pages = {A63+},
      doi = {10.1051/0004-6361/200913577},
   adsurl = {http://adsabs.harvard.edu/abs/2010A%26A...516A..63S},
  adsnote = {Provided by the SAO/NASA Astrophysics Data System}
}

@ARTICLE{Pope04,
   author = {{Pope}, A.~C. and {Matsubara}, T. and {Szalay}, A.~S. and {Blanton}, M.~R. and 
	{Eisenstein}, D.~J. and {Gray}, J. and {Jain}, B. and {Bahcall}, N.~A. and 
	{Brinkmann}, J. and {Budavari}, T. and {Connolly}, A.~J. and 
	{Frieman}, J.~A. and {Gunn}, J.~E. and {Johnston}, D. and {Kent}, S.~M. and 
	{Lupton}, R.~H. and {Meiksin}, A. and {Nichol}, R.~C. and {Schneider}, D.~P. and 
	{Scranton}, R. and {Strauss}, M.~A. and {Szapudi}, I. and {Tegmark}, M. and 
	{Vogeley}, M.~S. and {Weinberg}, D.~H. and {Zehavi}, I.},
    title = "{Cosmological Parameters from Eigenmode Analysis of Sloan Digital Sky Survey Galaxy Redshifts}",
  journal = {\apj},
   eprint = {arXiv:astro-ph/0401249},
 keywords = {Cosmology: Cosmological Parameters, Cosmology: Theory, Galaxies: Distances and Redshifts, Cosmology: Large-Scale Structure of Universe, Methods: Statistical},
     year = 2004,
    month = jun,
   volume = 607,
    pages = {655-660},
      doi = {10.1086/383533},
   adsurl = {http://adsabs.harvard.edu/abs/2004ApJ...607..655P},
  adsnote = {Provided by the SAO/NASA Astrophysics Data System}
}

@ARTICLE{Riess98,
   author = {{Riess}, A.~G. and {Filippenko}, A.~V. and {Challis}, P. and 
	{Clocchiatti}, A. and {Diercks}, A. and {Garnavich}, P.~M. and 
	{Gilliland}, R.~L. and {Hogan}, C.~J. and {Jha}, S. and {Kirshner}, R.~P. and 
	{Leibundgut}, B. and {Phillips}, M.~M. and {Reiss}, D. and {Schmidt}, B.~P. and 
	{Schommer}, R.~A. and {Smith}, R.~C. and {Spyromilio}, J. and 
	{Stubbs}, C. and {Suntzeff}, N.~B. and {Tonry}, J.},
    title = "{Observational Evidence from Supernovae for an Accelerating Universe and a Cosmological Constant}",
  journal = {\aj},
   eprint = {arXiv:astro-ph/9805201},
 keywords = {COSMOLOGY: OBSERVATIONS, STARS: SUPERNOVAE: GENERAL},
     year = 1998,
    month = sep,
   volume = 116,
    pages = {1009-1038},
      doi = {10.1086/300499},
   adsurl = {http://adsabs.harvard.edu/abs/1998AJ....116.1009R},
  adsnote = {Provided by the SAO/NASA Astrophysics Data System}
}

@ARTICLE{Perlmutter99,
   author = {{Perlmutter}, S. and {Aldering}, G. and {Goldhaber}, G. and 
	{Knop}, R.~A. and {Nugent}, P. and {Castro}, P.~G. and {Deustua}, S. and 
	{Fabbro}, S. and {Goobar}, A. and {Groom}, D.~E. and {Hook}, I.~M. and 
	{Kim}, A.~G. and {Kim}, M.~Y. and {Lee}, J.~C. and {Nunes}, N.~J. and 
	{Pain}, R. and {Pennypacker}, C.~R. and {Quimby}, R. and {Lidman}, C. and 
	{Ellis}, R.~S. and {Irwin}, M. and {McMahon}, R.~G. and {Ruiz-Lapuente}, P. and 
	{Walton}, N. and {Schaefer}, B. and {Boyle}, B.~J. and {Filippenko}, A.~V. and 
	{Matheson}, T. and {Fruchter}, A.~S. and {Panagia}, N. and {Newberg}, H.~J.~M. and 
	{Couch}, W.~J. and {The Supernova Cosmology Project}},
    title = "{Measurements of Omega and Lambda from 42 High-Redshift Supernovae}",
  journal = {\apj},
   eprint = {arXiv:astro-ph/9812133},
 keywords = {COSMOLOGY: OBSERVATIONS, COSMOLOGY: DISTANCE SCALE, STARS: SUPERNOVAE: GENERAL},
     year = 1999,
    month = jun,
   volume = 517,
    pages = {565-586},
      doi = {10.1086/307221},
   adsurl = {http://adsabs.harvard.edu/abs/1999ApJ...517..565P},
  adsnote = {Provided by the SAO/NASA Astrophysics Data System}
}



